

@ARTICLE{PrincipalFeaturesOfMMM,
    AUTHOR ="A. Dubov",
    TITLE  ="Principal features of metal magnetic memory method and inspection tools as compared to known magnetic NDT methods",
    PUBLISHER="Energodiagnostika Co. Ltd, Moscow, Russia. January 2006",
    JOURNAL="",
    PAGES  ="",
    YEAR   ="2006",
}

@ARTICLE{FallasEnCaliente,
    AUTHOR ="Piyas Palit et.al",
    TITLE  ="Failure analysis of work rolls of a thin hot strip mill",
    PUBLISHER="Elsevier",
    JOURNAL="Case Studies in Engineering Failure Analysis Vol 3 April 2015",
    PAGES  ="39-45",
    YEAR   ="2015",
}

@ARTICLE{CpFe,
    AUTHOR ="Austin J. B.",
    TITLE  ="Fe Especific Heat",
    PUBLISHER="Elsevier",
    JOURNAL="journal Industrial And Engineerial Chemistry, Vol.24",
    PAGES  ="1225",
    YEAR   ="1932",
}

@article{Kyriakou_2012,
	doi = {10.1088/0967-3334/33/2/117},
	year = {2012},
	month = {1},
	publisher = {{IOP} Publishing},
	volume = {33},
	number = {2},
	pages = {117-130},
	author = {Adamos Kyriakou and Esra Neufeld and Dominik Szczerba and Wolfgang Kainz and Roger Luechinger and Sebastian Kozerke and Robert McGregor and Niels Kuster},
	title = {Patient-specific simulations and measurements of the magneto-hemodynamic effect in human primary vessels},
	journal = {Physiological Measurement},
}

@ARTICLE{Plomsey_1967,
	author = {Plonsey R. and Heppner D. B.},
	title = {Considerations of quasi-stationarity in electrophysiological systems.},
	journal = {Bulletin of Mathematical Biophysics},
	volume = {29},
	pages = {657–664},
	year = {1967},
	doi = {10.1007/BF02476917},
}

@ARTICLE{Plonsey_1972,
	author = {Plonsey R. and Klee M.},
	title = {Integral Equation Solution for Biopotentials of Single Cells},
	journal = {Biophysical Journal},
	volume = {12},
	pages = {1676-1681},
	year = {1972},
}

@ARTICLE{Baule_1965,  
	author = {Baule G. and McFee R.},
	title = {Theory of Magnetic Detection of the Heart's Electrical Activity},
	journal={Journal of Applied Physics},
	volume = {36},
	year = {1965},
	pages = {2066},
	doi = {10.1063/1.1714404}
}

@ARTICLE{Plonsey_1992,  
	author={L. A. {Cartee} and R. {Plonsey}},  
	journal={IEEE Transactions on Biomedical Engineering},  
	title={The transient subthreshold response of spherical and cylindrical cell models to extracellular stimulation},   
	year={1992},  
	volume={39},  
	number={1},  
	pages={76-85},  
	doi={10.1109/10.108130}
}

@article{Papas_1988,
	author = {S. Bassiri and C. H. Papas and N. Engheta},
	journal = {J. Opt. Soc. Am. A},
	keywords = {Chiral media; Fresnel reflection; Optical activity; Phase conjugation; Total internal reflection; Wave propagation},
	number = {9},
	pages = {1450--1459},
	publisher = {OSA},
	title = {Electromagnetic wave propagation through a dielectric--chiral interface and through a chiral slab},
	volume = {5},
	month = {9},
	year = {1988},
	url = {http://josaa.osa.org/abstract.cfm?URI=josaa-5-9-1450},
	doi = {10.1364/JOSAA.5.001450},
}

@INPROCEEDINGS{4650502,  
	author={Z. {Deng} and A. V. {Peterchev} and S. H. {Lisanby}},  
	booktitle={2008 30th Annual International Conference of the IEEE Engineering in Medicine and Biology Society},   
	title={Coil design considerations for deep-brain transcranial magnetic stimulation (dTMS)},   
	year={2008},  
	volume={},  
	number={},  
	pages={5675-5679},  
	doi={10.1109/IEMBS.2008.4650502}
}

@INPROCEEDINGS{5627910,  
	author={D. {Suárez-Bagnasco} and R. {Armentano-Feijoo} and R. {Suárez-Ántola}},  
	booktitle={2010 Annual International Conference of the IEEE Engineering in Medicine and Biology},   
	title={The excitation functional for magnetic stimulation of fibers},   
	year={2010},  
	volume={},  
	number={},  
	pages={4829-4833},  
	doi={10.1109/IEMBS.2010.5627910}
}

@ARTICLE{Martin_2012,
	author = {V.Martin, A. Drochon, O. Fokapu and J. F. Gerbeau},
	doi = {10.1088/0031-9155/57/10/3177},
	year = "2012",
	month = {},
	publisher = {IOP Publishing},
	volume = {57},
	number = {10},
	pages = {3177-3195},
	title = {Magneto Hemodynamics in Aorta and Electrocardiograms},
	journal = {Physics in Medicine and Biology}
}

@ARTICLE{Lin_2012,
	author = {J. Lin (Editor)},
	doi = {10.1201/b11257},
	url = {},
	year = "2012",
	month = {},
	publisher = {CRC, Boca Raton, Fl},
	volume = {},
	number = {},
	pages = {},
	title = {Electromagnetic fields in biological systems},
	journal = {CRC Manuals}
}

@ARTICLE{Markov_2015,
	author = {M. Markov},
	doi = {},
	url = {},
	year = "2015",
	month = {},
	publisher = {CRC, Boca Raton, Florida, USA},
	volume = {},
	number = {},
	pages = {},
	title = {Electromagnetic Fields in Biology and Medicine},
	journal = {International Standard Book Number-13 978-1-4822-4851-7 (eBook - PDF)}
}

@INPROCEEDINGS{Malmivuo_2000,
	author = {J. Malmivuo, J. Nousiainen, S. Oja and A. Uusitalo},
	doi = {},
	url = {www.bem.fi/bem/research/emcg/2002emcg.pdf},
	year = "2000",
	month = {},
	publisher = {},
	volume = {},
	number = {},
	pages = {},
	title = {General solution for the application of magnetocardiography},
	journal={Proc. World Congress on Medical Physics and Biomedical Engineering, Chicago}, 
	ISBN = {},
}

@BOOK{Malmivuo_1995,
	author = {Malmivuo, Jaakko and Plonsey, Robert},
	publisher = {Oxford University Press, N.Y., 1995 Hard cover},
	year = {2002},
	month = {03},
	pages = {},
	title = {Bioelectromagnetism - Principles and Applications of Bioelectric 	and Biomagnetic Fields. - The Internet version.},
	url = {https://www.bem.fi/book/book.pdf},
	isbn = {978-0195058239}
}

@BOOK{Nikolski_1976,
  title={Electrodin{\'a}mica y propagaci{\'o}n de ondas de radio},
  author={Nikolski, V.V. and El{\'\i}as, A.B.},
  isbn={97-85884170551},
  url={https://books.google.co.ve/books?id=3Q0MAgAACAAJ},
  year={1976},
  publisher={Mir}
}

@book{Jarmo_Ruohonen_1998,
	author = {Jarmo Ruohonen},
	year = "1998",
	publisher = {Helsinki University of Technology, Espoo, Finland},
	title = {Transcranial Magnetic Stimulation: Modelling and New Techniques, Doctor of Technology Thesis},
	url = {https://www.biomag.hus.fi/tms/Thesis/thesis.pdf}
}

@book{Polk_2006,
	author = {Ch. Polk y E. Postow (Editores)},
	year = "2006",
	month = {},
	volume = {2},
	publisher = {CRC, Boca Raton, Florida, USA},
	number = {},
	isbn = {0849306418, 9780849306419},
	title = {Handbook of Biological Effects of Electromagnetic Fields, 3ª edición Vol 2: Biological and medical aspects of electro-magnetic field},
	journal = {}
}

@book{Greenebaum_Barnes_2019,
	author = {B. Greenebaum and F. Barnes (Editors)},
	year = "2019",
	month = {},
	publisher = {CRC Press},
	volume = {2},
	number = {},
	ISBN = {10- 1138733113, 13- 978-1138733114},
	title = {Handbook of Biological Effects of Electromagnetic Fields, Fourth Edition, Vol. 2: Bioengineering and biophysical aspects of electromagnetic fields},
	journal = {}
}

@BOOK{Santalo1,
    AUTHOR ="L. Santalo",
    TITLE  ="Vectores y Tensores y sus aplicaciones 12va ed.",
    PUBLISHER="EUDEBA, Buenos Aires",
    YEAR   ="1977",
    ISBN   ="978-9502301419",
}

@BOOK{Greenbaum,
    AUTHOR ="Ben Greenbaum",
    TITLE  ="capítulo introductorio a la tercera edición 
del Handbook of Biological Effects of Electromagnetic Fields 3rd ed.",
    PUBLISHER="CRC-Taylor \& Francis, Boca Raton, FL, USA",
    YEAR   ="2007",
    ISBN   ="978-0849306419",
}

@BOOK{Kompaneyets,
    AUTHOR ="A. S. Kompaneyets",
    TITLE  ="A Course of Theoretical Physics Vol. 2 1st English Ed.",
    PUBLISHER="Ed MIR",
    YEAR   ="1978",
    ISBN   ="978-0714712505",
}


@BOOK{Landau8,
    AUTHOR ="Landau \& Lifshitz",
    TITLE  ="Electrodynamics of continuous media Vol. 8",
    PUBLISHER="Ed MIR, Pergamon Press",
    YEAR   ="1960",
    ISBN   ="978-0080091051",
}



@ARTICLE{RossAdey,
    AUTHOR ="W. Ross Adey",
    TITLE  ="Biological Effects of Electromagnetic Fields",
    PUBLISHER="Elsevier",
    JOURNAL="Journal of Cellular Biochemistry, Vol.24",
    PAGES  ="410-416",
    YEAR   ="1993",
}

@BOOK{Laura1,
    AUTHOR ="P. A. Laura",
    TITLE  ="Introducción a la Mecánica de Sólidos",
    PUBLISHER="EUDEBA, Buenos Aires",
    YEAR   ="1979",
    ISBN   ="",
}


@BOOK{Guggenheim1,
    AUTHOR ="E. A. Guggenheim",
    TITLE  ="Thermodynamics. An Advanced Treatment for Chemists and Physicists",
    PUBLISHER="North‐Holland Physics Publ. 4 Ed.",
    YEAR   ="1967",
    ISBN   ="0‐444‐86951‐4",
}


@BOOK{SingularPerturbation,
    AUTHOR ="R. S. Johnson",
    TITLE  ="Singular Perturbation Theory Mathematical and Analitical Techinques with Applications to Engineering",
    PUBLISHER="Springer",
    YEAR   ="2005",
    ISBN   ="0-387-23217-6",
}

@BOOK{NumericalRecipesC,
    AUTHOR ="William H. Press et.al.",
    TITLE  ="Numerical Recipes in C++: The Art of Scientific Computing 2Ed.",
    PUBLISHER="Cambridge University Press",
    YEAR   ="1992",
    ISBN   ="978-0521750332",
}

@BOOK{NumericalRecipes77,
    AUTHOR ="William H. Press et.al.",
    TITLE  ="Numerical Recipes in Fortran 77",
    PUBLISHER="Cambridge University Press",
    YEAR   ="1992",
    ISBN   ="978-0521430647",
}

@BOOK{FourierTransform,
    AUTHOR ="Haitham Hassanieh",
    TITLE  ="The Sparse Fourier Transform: Theory and Practice",
    PUBLISHER="Association for Computing Machinery and Morgan & Claypool",
    YEAR   ="2013",
    ISBN   ="978-1-947487-07-9",
    DOI    ="https://doi.org/10.1145/3166186"
}

@ARTICLE{ForceMMM,
    AUTHOR ="Caoyuan Pang et.al",
    TITLE  ="A New Method for Internal Force Detection of Steel Bars Covered by Concrete Based on the Metal Magnetic Memory Effect",
    JOURNAL="Metals 2019, 9(6), 661",
    ISSN   ="2075-4701", 
    YEAR   ="2019",
}

@ARTICLE{Dislocaciones,
    AUTHOR ="Issei Sugiyama et.al",
    TITLE  ="Ferromagnetic dislocations in antiferromagnetic NiO",
    JOURNAL="Nature Nanotechnology 8(4) March",
    YEAR   ="2013",
}

@ARTICLE{MagnetoElastic,
    AUTHOR ="Michael Foerster, Ferran Macia",
    TITLE  ="Magneto-Elastic Effects",
    JOURNAL="Journal of Physics: Condensed Matter, Volume 31, Number 19",
    YEAR   ="2019",
}


@ARTICLE{EstimacionNoLineal2,
    AUTHOR ="N.Gershenfeld",
    TITLE  ="The Nature of Mathematical Modeling”, Chapter 10",
    JOURNAL="Cambridge University Press, Cambridge, UK",
    YEAR   ="1999",
}


@ARTICLE{EstimacionNoLineal1,
    AUTHOR ="Oscar Cornejo Zuñiga, Rodrigo Rebolledo Vega",
    TITLE  ="Estimation of Parameters in Nonlinear Models: Algorithms and Applications",
    JOURNAL="Rev.EIA.Esc.Ing.Antioq Nº25 Jan./June 2016",
    YEAR   ="2016",
}

@ARTICLE{PerturbationMethod,
    AUTHOR ="Mark Jenkinson, James L Wilson, Peter Jezzard",
    TITLE  ="Perturbation Method for Magnetic Field Calculations of Nonconductive Objects",
    JOURNAL="Magnetic Resonance in Medicine, 52(3), Sep 2004",
    YEAR   ="2004",
    PAGES  ="471-477",
}

@ARTICLE{GaussGreen,
    AUTHOR ="Washek F. Pfeffer",
    TITLE  ="The Gauss-Green theorem",
    JOURNAL="Advances in Mathematics Volume 87, Issue 1, May 1991",
    YEAR   ="1991",
    PAGES  ="93-147",
}


@ARTICLE{Antola:1,
    AUTHOR ="Roberto Su{\'a}rez-{\'A}ntola",
    TITLE  ="El m{\'e}todo de la memoria magn{\'e}tica de Dubov y las regiones de influencia de los defectos significativos",
    JOURNAL="Journal de la IV Conferencia Panamericana de END Buenos Aires Octubre 2007",
    YEAR   ="2007",
}

@ARTICLE{Dubov:1,
    AUTHOR ="Dubov A.",
    TITLE  ="Principal features of metal magnetic memory method and inspection tools as compared to known magnetic NDT methods",
    JOURNAL="Journal de la Montreal World Conference on Non-Destructive Testing, Montreal, Canada, Agosto de 2004",
    YEAR   ="2004",
}

@BOOK{Lauer:1,
    AUTHOR    = "Lauer, K. R.",
    TITLE     = "Magnetic/Electrical Methods, Cap{\'i}tulo 10 de CRC Handbook on Non Destructive Testing of Concrete",
    PUBLISHER ="CRC Press, Boca Raton, USA",
    YEAR      = "2004",
}




@ARTICLE{ARTICLE:1,
    AUTHOR="John Doe",
    TITLE="Title",
    JOURNAL="Journal",
    YEAR="2017",
}

@BOOK{BOOK:1,
    AUTHOR="John Doe",
    TITLE="The Book without Title",
    PUBLISHER="Dummy Publisher",
    YEAR="2100",
}

@INBOOK{BOOK:2,
    AUTHOR="John Doe",
    TITLE="The Book without Title",
    PUBLISHER="Dummy Publisher",
    YEAR="2100",
    PAGES="100-200",
}

@MISC{WEBSITE:1,
	HOWPUBLISHED = "\url{http://example.com}",
	AUTHOR = "Intel",
	TITLE = "Example Website",
	MONTH = "12",
	YEAR = "1988",
	URLDATE = {2012-11-26}
}

@MANUAL{dallas:ds18b20,
    organization  = "Dallas Semiconductor",
    title         = "DS18B20 Programmable Resolution 1-Wire Digital Thermometer",
    number        = "050400",
    year          =  2015,
    note          = "Rev. 3"
}

@book{teton2003,
	title={Gu{\'\i}a t{\'e}cnica de la acuariofilia},
	author={Teton, J.},
	isbn={9788489840249},
	series={Gu{\'\i}as t{\'e}cnicas},
	url={https://books.google.com.ar/books?id=6vrjovWkQicC},
	year={2003},
	publisher={Tursen S.A. - H. Blume}
}



@misc{CIAA,
	author = {{Proyecto CIAA}},
	title = {Computadora Industrial Abierta Argentina},
	url = {http://proyecto-ciaa.com.ar/devwiki/doku.php?id=start},
	note = {Visitado el 2016-06-25},
	year = {2014}
}

@MISC{lpcopen,
   author =	{{NXP Semiconductors}},
   title =	{LPCOPEN v2.16 Drivers, Middleware and Examples},
   url =	{http://www.nxp.com/products/microcontrollers-and-processors/arm-processors/lpc-cortex-m-mcus/software-tools/lpcopen-libraries-and-examples:LPC-OPEN-LIBRARIES},
   note =	{Disponible: 2016-06-25},
 }
 
@MISC{contrib,
	author =	{{Savannah}},
	title =	{lwIP - A Lightweight TCP/IP stack},
	url =	{http://git.savannah.gnu.org/cgit/lwip/lwip-contrib.git},
	note =	{Disponible: 2016-06-25},
 }

@MISC{webserver,
	author =	{{Savannah}},
	title =	{lwIP - Wiki - Sample Web Server},
	url =	{ http://lwip.wikia.com/wiki/Sample_Web_Server},
	note =	{Disponible: 2016-06-25}
 } 
 


@MISC{sensor_pH,
   author =	{dfRobot},
   title =	{PH meter(SKU: SEN0161)},
   url =	{http://www.dfrobot.com/wiki/index.php?title=PH_meter(SKU:_SEN0161)},
   note =	{Disponible: 2016-06-25},
}

@misc{rfc2616,
	series =	{Request for Comments},
	number=		2616,
	howpublished=	{RFC 2616},
	publisher =	{RFC Editor},
	doi =		{10.17487/rfc2616},
	url =		{https://rfc-editor.org/rfc/rfc2616.txt},
	author=		{Jeffrey Mogul and Larry M Masinter and Roy T. Fielding and Jim Gettys and Paul J. Leach and Tim Berners-Lee},
	title=		{{Hypertext Transfer Protocol -- HTTP/1.1}},
	pagetotal =	176,
	year =		2013,
	month =		3,
	day =		2,
	abstract =	{HTTP has been in use by the World-Wide Web global information initiative since 1990. This specification defines the protocol referred to as &quot;HTTP/1.1&quot;, and is an update to RFC 2068. [STANDARDS-TRACK]},
}

@misc{rfc3875,
	series =	{Request for Comments},
	number=		3875,
	howpublished=	{RFC 3875},
	publisher =	{RFC Editor},
	doi =		{10.17487/rfc3875},
	url =		{https://rfc-editor.org/rfc/rfc3875.txt},
	author=		{David Robinson},
	title=		{{The Common Gateway Interface (CGI) Version 1.1}},
	pagetotal =	36,
	year =		2013,
	month =		mar,
	day =		20,
	abstract =	{The Common Gateway Interface (CGI) is a simple interface for running external programs, software or gateways under an information server in a platform-independent manner. Currently, the supported information servers are HTTP servers.},
}

@misc{rfc7540,
	series =	{Request for Comments},
	number=		7540,
	howpublished=	{RFC 7540},
	publisher =	{RFC Editor},
	doi =		{10.17487/rfc7540},
	url =		{https://rfc-editor.org/rfc/rfc7540.txt},
	author=		{Mike Belshe and Roberto Peon and Martin Thomson},
	title=		{{Hypertext Transfer Protocol Version 2 (HTTP/2)}},
	pagetotal =	96,
	year =		2015,
	month =		nov,
	day =		18,
	abstract =	{This specification describes an optimized expression of the semantics of the Hypertext Transfer Protocol (HTTP), referred to as HTTP version 2 (HTTP/2). HTTP/2 enables a more efficient use of network resources and a reduced perception of latency by introducing header field compression and allowing multiple concurrent exchanges on the same connection. It also introduces unsolicited push of representations from servers to clients.},
}
